# Diretamente relacionados
https://www.sti-innsbruck.at/sites/default/files/Knowledge-Representation-Search-and-Rules/Russel-&-Norvig-Inference-and-Logic-Sections-7.pdf
@book{BookIA,
  author    = {Stuart J. Russell and Peter Norvig},
  editor    = {Prentice Hall},
  publisher = {Pearson Education, Inc.},
  title     = {Artificial Intelligence A Modern Approach Second Edition},
  year      = {2003}
}

https://ieeexplore.ieee.org/document/4129846
@article{AntColonyOptimization,
  author  = {Dorigo, Marco and Birattari, Mauro and Stutzle, Thomas},
  journal = {IEEE Computational Intelligence Magazine},
  title   = {Ant colony optimization},
  year    = {2006},
  volume  = {1},
  number  = {4},
  pages   = {28-39},
  doi     = {10.1109/MCI.2006.329691}
}

https://books.google.com.br/books?id=_UMLAAAAQBAJ&lpg=PR7&ots=jCNvNENM1P&dq=sequential%20vs%20parallel&lr&hl=pt-BR&pg=PR4#v=onepage&q&f=false
@book{SequentialVSParallel,
  author    = {Russ Miller and Laurence Boxer},
  editor    = {Cengage Learning},
  publisher = {Cengage Learning},
  title     = {Algorithms Sequential and Parallel: A Unified Approach, Third Edition},
  year      = {2013}
}

https://ieeexplore.ieee.org/abstract/document/4626815
@article{ParallelComputingCUDA,
  author  = {Garland, Michael and Le Grand, Scott and Nickolls, John and Anderson, Joshua and Hardwick, Jim and Morton, Scott and Phillips, Everett and Zhang, Yao and Volkov, Vasily},
  journal = {IEEE Micro},
  title   = {Parallel Computing Experiences with CUDA},
  year    = {2008},
  volume  = {28},
  number  = {4},
  pages   = {13-27},
  doi     = {10.1109/MM.2008.57}
}

# Indiretamente relacionados
https://www.mdpi.com/2079-9292/9/8/1295
@article{KmeansAlgorithm,
  author         = {Ahmed, Mohiuddin and Seraj, Raihan and Islam, Syed Mohammed Shamsul},
  title          = {The k-means Algorithm: A Comprehensive Survey and Performance Evaluation},
  journal        = {Electronics},
  volume         = {9},
  year           = {2020},
  number         = {8},
  article-number = {1295},
  url            = {https://www.mdpi.com/2079-9292/9/8/1295},
  issn           = {2079-9292},
  doi            = {10.3390/electronics9081295}
}

http://learningsys.org/nips17/assets/papers/paper_16.pdf
@article{Cupy,
  title   = {Cupy: A numpy-compatible library for nvidia gpu calculations},
  author  = {Nishino, ROYUD and Loomis, Shohei Hido Crissman},
  journal = {31st confernce on neural information processing systems},
  volume  = {151},
  number  = {7},
  year    = {2017}
}

https://ieeexplore.ieee.org/abstract/document/5387070
@article{JIT,
  title     = {Overview of the IBM Java just-in-time compiler},
  author    = {Suganuma, Toshio and Ogasawara, Takeshi and Takeuchi, Mikio and Yasue, Toshiaki and Kawahito, Motohiro and Ishizaki, Kazuaki and Komatsu, Hideaki and Nakatani, Toshio},
  journal   = {IBM systems Journal},
  volume    = {39},
  number    = {1},
  pages     = {175--193},
  year      = {2000},
  publisher = {IBM}
}

https://www.preprints.org/manuscript/202012.0516/v1
@article{C++vsPython,
  title     = {Comparative analysis of C++ and Python in terms of memory and time},
  author    = {Zehra, Farzeen and Javed, Maha and Khan, Darakhshan and Pasha, Maria},
  year      = {2020},
  publisher = {Preprints}
}

https://dl.acm.org/doi/abs/10.1145/2833157.2833162
@inproceedings{NumbaLLVMJIT,
  title     = {Numba: A llvm-based python jit compiler},
  author    = {Lam, Siu Kwan and Pitrou, Antoine and Seibert, Stanley},
  booktitle = {Proceedings of the Second Workshop on the LLVM Compiler Infrastructure in HPC},
  pages     = {1--6},
  year      = {2015}
}

https://link.springer.com/article/10.1007/s11227-017-2213-5
@article{HPC_Python,
  title     = {Python accelerators for high-performance computing},
  author    = {Marowka, Ami},
  journal   = {The Journal of Supercomputing},
  volume    = {74},
  number    = {4},
  pages     = {1449--1460},
  year      = {2018},
  publisher = {Springer}
}

# ReferÃªncias externas
@inproceedings{cupyLib,
  author    = {Okuta, Ryosuke and Unno, Yuya and Nishino, Daisuke and Hido, Shohei and Loomis, Crissman},
  title     = {CuPy: A NumPy-Compatible Library for NVIDIA GPU Calculations},
  booktitle = {Proceedings of Workshop on Machine Learning Systems (LearningSys) in The Thirty-first Annual Conference on Neural Information Processing Systems (NIPS)},
  year      = {2017},
  url       = {http://learningsys.org/nips17/assets/papers/paper_16.pdf}
}

@article{numpyLib,
  title     = {Array programming with {NumPy}},
  author    = {Charles R. Harris and K. Jarrod Millman and St{\'{e}}fan J.
               van der Walt and Ralf Gommers and Pauli Virtanen and David
               Cournapeau and Eric Wieser and Julian Taylor and Sebastian
               Berg and Nathaniel J. Smith and Robert Kern and Matti Picus
               and Stephan Hoyer and Marten H. van Kerkwijk and Matthew
               Brett and Allan Haldane and Jaime Fern{\'{a}}ndez del
               R{\'{i}}o and Mark Wiebe and Pearu Peterson and Pierre
               G{\'{e}}rard-Marchant and Kevin Sheppard and Tyler Reddy and
               Warren Weckesser and Hameer Abbasi and Christoph Gohlke and
               Travis E. Oliphant},
  year      = {2020},
  month     = sep,
  journal   = {Nature},
  volume    = {585},
  number    = {7825},
  pages     = {357--362},
  doi       = {10.1038/s41586-020-2649-2},
  publisher = {Springer Science and Business Media {LLC}},
  url       = {https://doi.org/10.1038/s41586-020-2649-2}
}